<collection xmlns="http://www.loc.gov/MARC21/slim">
<record>
  <leader>00990nam0a22002291i 450 </leader>
  <controlfield tag="001">IT\ICCU\CNCE\024960</controlfield>
  <controlfield tag="005">20140410000000.0</controlfield>
  <datafield tag="012" ind1=" " ind2=" ">
    <subfield code="a">i,o. i.o. a.el o.a. (S) 1600 (Q)</subfield>
    <subfield code="2">fei</subfield>
  </datafield>
  <datafield tag="100" ind1=" " ind2=" ">
    <subfield code="a">19970918f1600        0itac0103    ba</subfield>
  </datafield>
  <datafield tag="101" ind1=" " ind2=" ">
    <subfield code="a">ITA</subfield>
  </datafield>
  <datafield tag="102" ind1=" " ind2=" ">
    <subfield code="a">IT</subfield>
  </datafield>
  <datafield tag="200" ind1="1" ind2=" ">
    <subfield code="a">Essendosi gia per ordini dell&apos;illustriss. Magistrato soura la Sanita di Sua Alt. Sereniss ...</subfield>
  </datafield>
  <datafield tag="210" ind1=" " ind2=" ">
    <subfield code="a">In Vercelli</subfield>
    <subfield code="c">per Hieronimo Allario</subfield>
    <subfield code="d">&amp; Gioseppe Ferrero</subfield>
    <subfield code="d">\1600!</subfield>
  </datafield>
  <datafield tag="215" ind1=" " ind2=" ">
    <subfield code="a">1 manifesto</subfield>
    <subfield code="d">atl</subfield>
  </datafield>
  <datafield tag="300" ind1=" " ind2=" ">
    <subfield code="a">Ordinanza che vieta l&apos;ingresso in Vercelli a chi provenga da Biella e luoghi circostanti infetti da peste. 4 febbraio 1600</subfield>
  </datafield>
  <datafield tag="620" ind1=" " ind2=" ">
    <subfield code="a">IT</subfield>
    <subfield code="d">Vercelli</subfield>
  </datafield>
  <datafield tag="710" ind1="0" ind2="2">
    <subfield code="a">Vercelli</subfield>
    <subfield code="3">7300</subfield>
  </datafield>
  <datafield tag="712" ind1="0" ind2="0">
    <subfield code="a">Allario, Girolamo &amp; Ferrero, Giuseppe</subfield>
    <subfield code="3">IT\ICCU\CNCT\002321</subfield>
    <subfield code="4">650</subfield>
  </datafield>
  <datafield tag="790" ind1=" " ind2="0">
    <subfield code="a">Civitas Vercellarum</subfield>
    <subfield code="3">IT\ICCU\CNCA\025051</subfield>
    <subfield code="z">Vercelli</subfield>
  </datafield>
  <datafield tag="791" ind1="0" ind2="0">
    <subfield code="a">Ferrero, Giuseppe</subfield>
    <subfield code="3">IT\ICCU\CNCT\002322</subfield>
    <subfield code="z">Allario, Girolamo &amp; Ferrero, Giuseppe</subfield>
  </datafield>
  <datafield tag="801" ind1=" " ind2="3">
    <subfield code="a">IT</subfield>
    <subfield code="b">ICCU</subfield>
    <subfield code="c">20201114</subfield>
  </datafield>
  <datafield tag="899" ind1=" " ind2=" ">
    <subfield code="a">Biblioteca civica. Vercelli</subfield>
    <subfield code="1">VC0073</subfield>
    <subfield code="2">TO0 A2</subfield>
  </datafield>
</record>
</collection>
